@article{pakpour2012construct,
  title={How to construct the perfect sandcastle},
  author={Pakpour, Maryam and Habibi, Mehdi and M{\o}ller, Peder and Bonn, Daniel},
  journal={Scientific reports},
  volume={2},
  number={1},
  pages={1--3},
  year={2012},
  publisher={Nature Publishing Group}
}

@inproceedings{zhang2020study,
  title={Study on the Best Shape and Stability of Sand Castle},
  author={Zhang, Wenqiang and Zhang, Ziliang and Liu, Zhiwen and Ye, Chunsheng},
  booktitle={IOP Conference Series: Earth and Environmental Science},
  volume={514},
  number={2},
  pages={022071},
  year={2020},
  organization={IOP Publishing}
}

@article{hornbaker1997keeps,
  title={What keeps sandcastles standing?},
  author={Hornbaker, DJ and Albert, R{\'e}ka and Albert, Istv{\'a}n and Barab{\'a}si, A-L and Schiffer, Peter},
  journal={Nature},
  volume={387},
  number={6635},
  pages={765--765},
  year={1997},
  publisher={Nature Publishing Group}
}